[gd_scene load_steps=9 format=2]

[ext_resource path="res://Objects/Units/Turret/Cannon/Ball/Ball.png" type="Texture" id=1]
[ext_resource path="res://Objects/Units/Turret/Cannon/Ball/BallCannon.gd" type="Script" id=2]
[ext_resource path="res://Objects/Units/Turret/Cannon/Ball/Smoke.png" type="Texture" id=3]

[sub_resource type="CircleShape2D" id=1]
radius = 3.0

[sub_resource type="Curve" id=2]
_data = [ Vector2( 0, 1 ), 0.0, 0.0, 0, 0, Vector2( 1, 0 ), -1.0, 0.0, 1, 0 ]

[sub_resource type="Gradient" id=3]
colors = PoolColorArray( 0.305882, 0.372549, 0.372549, 0.752941, 0.305882, 0.372549, 0.372549, 0 )

[sub_resource type="CanvasItemMaterial" id=4]
blend_mode = 1

[sub_resource type="Gradient" id=5]
offsets = PoolRealArray( 0, 0.00552486, 0.165746, 1 )
colors = PoolColorArray( 0, 0, 0, 1, 1, 1, 1, 0, 1, 1, 1, 0.196078, 0, 0, 0, 0 )

[node name="BallCannon" type="Area2D"]
modulate = Color( 1, 1, 1, 0.501961 )
script = ExtResource( 2 )
size = 64.0
damage_body = 10.0
damage_sail = 2.0

[node name="Shape" type="CollisionShape2D" parent="."]
shape = SubResource( 1 )

[node name="Trail" type="Line2D" parent="."]
points = PoolVector2Array( 0, 0, -10, 0 )
width = 6.0
width_curve = SubResource( 2 )
default_color = Color( 1, 1, 1, 1 )
gradient = SubResource( 3 )

[node name="Visual" type="Sprite" parent="."]
texture = ExtResource( 1 )

[node name="TweenBall" type="Tween" parent="."]

[node name="TweenTrail" type="Tween" parent="."]

[node name="Smoke" type="CPUParticles2D" parent="."]
material = SubResource( 4 )
emitting = false
amount = 32
one_shot = true
explosiveness = 0.9
lifetime_randomness = 0.5
local_coords = false
texture = ExtResource( 3 )
emission_shape = 1
emission_sphere_radius = 3.0
spread = 180.0
gravity = Vector2( 0, 0 )
initial_velocity = 10.0
damping = 10.0
angle = 720.0
angle_random = 1.0
color_ramp = SubResource( 5 )

[connection signal="area_entered" from="." to="." method="_on_BallTemplate_area_entered"]
[connection signal="area_exited" from="." to="." method="_on_BallTemplate_area_exited"]
[connection signal="body_entered" from="." to="." method="_on_BallTemplate_body_entered"]
[connection signal="body_exited" from="." to="." method="_on_BallTemplate_body_exited"]
[connection signal="tween_all_completed" from="TweenBall" to="." method="_on_TweenBall_tween_all_completed"]
[connection signal="tween_all_completed" from="TweenTrail" to="." method="_on_TweenTrail_tween_all_completed"]
