[gd_scene load_steps=12 format=2]

[ext_resource path="res://Objects/Maps/MapSand.tscn" type="PackedScene" id=1]
[ext_resource path="res://Level/Spawner.tscn" type="PackedScene" id=2]
[ext_resource path="res://Level/LevelTemplate.gd" type="Script" id=3]
[ext_resource path="res://Objects/Maps/MapDecoration.tscn" type="PackedScene" id=4]
[ext_resource path="res://Objects/Maps/MapBuildable.tscn" type="PackedScene" id=5]
[ext_resource path="res://Objects/Interaction/Cursor/CursorController.tscn" type="PackedScene" id=6]
[ext_resource path="res://Objects/Interaction/Scroll/ScrollController.tscn" type="PackedScene" id=7]
[ext_resource path="res://Objects/Overlay/Overlay.tscn" type="PackedScene" id=8]
[ext_resource path="res://Level/SpawnPatterns/Demo.tres" type="Resource" id=9]
[ext_resource path="res://Level/SpawnPatterns/Demo2.tres" type="Resource" id=10]
[ext_resource path="res://Level/Target.tscn" type="PackedScene" id=14]

[node name="LevelTemplate" type="Node2D" groups=["Level"]]
script = ExtResource( 3 )

[node name="Overlay" parent="." instance=ExtResource( 8 )]

[node name="Camera2D" type="Camera2D" parent="."]
position = Vector2( 640, 360 )
z_index = 100
current = true

[node name="ScrollController" parent="Camera2D" instance=ExtResource( 7 )]
position = Vector2( 0, 0 )

[node name="CursorController" parent="." instance=ExtResource( 6 )]
z_index = 1
map_buildable = NodePath("../MapBuildable")

[node name="MapSand" parent="." instance=ExtResource( 1 )]
tile_data = PoolIntArray(  )
maps_decoration = [  ]

[node name="MapDecorationLayer0" parent="." instance=ExtResource( 4 )]

[node name="MapDecorationLayer1" parent="." instance=ExtResource( 4 )]

[node name="MapDecorationLayer2" parent="." instance=ExtResource( 4 )]

[node name="MapBuildable" parent="." instance=ExtResource( 5 )]
self_modulate = Color( 1, 1, 1, 0 )

[node name="Spawner" parent="." instance=ExtResource( 2 )]
position = Vector2( 495, 327 )
patterns = [ ExtResource( 9 ), ExtResource( 10 ) ]

[node name="Target" parent="." instance=ExtResource( 14 )]
position = Vector2( 271, 399 )
