[gd_scene load_steps=4 format=2]

[ext_resource path="res://Objects/BuildMenu/BuildButton.tscn" type="PackedScene" id=1]
[ext_resource path="res://Objects/BuildMenu/BuildMenuTemplate.tscn" type="PackedScene" id=2]
[ext_resource path="res://Objects/BuildMenu/BuildMenuUpgrade.gd" type="Script" id=3]

[node name="BuildMenuUpgrade" instance=ExtResource( 2 )]
script = ExtResource( 3 )

[node name="ButtonContainer" parent="." index="0"]
columns = 2

[node name="UpgradeSpeed" parent="ButtonContainer" index="0" instance=ExtResource( 1 )]
margin_right = 194.0
margin_bottom = 94.0
text = "§_UPGRADESPEED"
button_id = "upgrade_speed"
cost = 100
tech_level = 4

[node name="UpgradeRange" parent="ButtonContainer" index="1" instance=ExtResource( 1 )]
margin_left = 198.0
margin_right = 392.0
margin_bottom = 94.0
text = "§_UPGRADERANGE"
button_id = "upgrade_range"
cost = 100
tech_level = 4

[node name="Cannon" parent="ButtonContainer" index="2" instance=ExtResource( 1 )]
margin_top = 98.0
margin_right = 194.0
margin_bottom = 192.0
text = "§_CANNON"
button_id = "cannon"
cost = 20
tech_level = 1

[node name="Archer" parent="ButtonContainer" index="3" instance=ExtResource( 1 )]
margin_left = 198.0
margin_top = 98.0
margin_right = 392.0
margin_bottom = 192.0
text = "§_ARCHER"
button_id = "archer"
cost = 30
tech_level = 2

[node name="Booster" parent="ButtonContainer" index="4" instance=ExtResource( 1 )]
margin_top = 196.0
margin_right = 194.0
margin_bottom = 290.0
text = "§_BOOSTER"
button_id = "booster"
cost = 100
tech_level = 3

[node name="Sell" parent="ButtonContainer" index="5" instance=ExtResource( 1 )]
self_modulate = Color( 1, 0.5, 0.5, 1 )
margin_left = 198.0
margin_top = 196.0
margin_right = 392.0
margin_bottom = 290.0
text = "§_SELL"
button_id = "sell"
cost = -1
tech_level = 4
