[gd_scene load_steps=17 format=2]

[ext_resource path="res://Objects/Fishing/FishingTileSet.tres" type="TileSet" id=1]
[ext_resource path="res://Objects/Fishing/rod.png" type="Texture" id=2]
[ext_resource path="res://Objects/Fishing/rod_part_2.png" type="Texture" id=3]
[ext_resource path="res://Objects/Fishing/rod_part_1.png" type="Texture" id=4]
[ext_resource path="res://Objects/Fishing/Fishing.gd" type="Script" id=5]
[ext_resource path="res://Objects/Fishing/MouseCatcher.gd" type="Script" id=6]
[ext_resource path="res://Objects/Fishing/Rod.gd" type="Script" id=7]

[sub_resource type="Gradient" id=5]
colors = PoolColorArray( 0, 0.501961, 0, 0.25098, 1, 0, 0, 0.25098 )

[sub_resource type="Gradient" id=1]
colors = PoolColorArray( 0, 0.390833, 0.67, 1, 0.643137, 0.811765, 0.929412, 1 )

[sub_resource type="GradientTexture" id=2]
gradient = SubResource( 1 )
width = 160

[sub_resource type="RectangleShape2D" id=8]
extents = Vector2( 50, 25 )

[sub_resource type="CanvasItemMaterial" id=9]
blend_mode = 1

[sub_resource type="Gradient" id=7]
offsets = PoolRealArray( 0, 0.589286 )
colors = PoolColorArray( 0, 0.501961, 0, 0.501961, 1, 0, 0, 0.501961 )

[sub_resource type="CircleShape2D" id=3]
radius = 32.0

[sub_resource type="Animation" id=6]
length = 0.001
tracks/0/type = "value"
tracks/0/path = NodePath("Mechanic/Crank/MouseCatcher/Size:shape:radius")
tracks/0/interp = 1
tracks/0/loop_wrap = true
tracks/0/imported = false
tracks/0/enabled = true
tracks/0/keys = {
"times": PoolRealArray( 0 ),
"transitions": PoolRealArray( 1 ),
"update": 0,
"values": [ 32.0 ]
}

[sub_resource type="Animation" id=4]
resource_name = "fish"
length = 15.0
tracks/0/type = "value"
tracks/0/path = NodePath("Mechanic/Crank/MouseCatcher/Size:shape:radius")
tracks/0/interp = 1
tracks/0/loop_wrap = true
tracks/0/imported = false
tracks/0/enabled = true
tracks/0/keys = {
"times": PoolRealArray( 0, 15 ),
"transitions": PoolRealArray( 1, 1 ),
"update": 0,
"values": [ 32.0, 8.0 ]
}

[node name="Fishing" type="Node2D"]
script = ExtResource( 5 )
gradient = SubResource( 5 )

[node name="Sky" type="Sprite" parent="."]
position = Vector2( -1, -1 )
rotation = 1.5708
scale = Vector2( 1, -322 )
texture = SubResource( 2 )
centered = false

[node name="WaterLayer1" type="TileMap" parent="."]
position = Vector2( 0, 128 )
tile_set = ExtResource( 1 )
format = 1
tile_data = PoolIntArray( 65534, 6, 0, 65535, 6, 0, 0, 6, 0, 1, 6, 0, 2, 6, 0, 3, 6, 0, 4, 6, 0, 5, 6, 0, 131070, 7, 0, 131071, 7, 0, 65536, 7, 0, 65537, 7, 0, 65538, 7, 0, 65539, 7, 0, 65540, 7, 0, 65541, 7, 0, 196606, 7, 0, 196607, 7, 0, 131072, 7, 0, 131073, 7, 0, 131074, 7, 0, 131075, 7, 0, 131076, 7, 0, 131077, 7, 0 )

[node name="WaterLayer2" type="TileMap" parent="."]
modulate = Color( 0.87451, 0.87451, 0.87451, 1 )
position = Vector2( 40, 160 )
tile_set = ExtResource( 1 )
format = 1
tile_data = PoolIntArray( 65534, 6, 0, 65535, 6, 0, 0, 6, 0, 1, 6, 0, 2, 6, 0, 3, 6, 0, 4, 6, 0, 5, 6, 0, 131070, 7, 0, 131071, 7, 0, 65536, 7, 0, 65537, 7, 0, 65538, 7, 0, 65539, 7, 0, 65540, 7, 0, 65541, 7, 0, 196606, 7, 0, 196607, 7, 0, 131072, 7, 0, 131073, 7, 0, 131074, 7, 0, 131075, 7, 0, 131076, 7, 0, 131077, 7, 0 )

[node name="SandLayer" type="TileMap" parent="."]
position = Vector2( 160, 180 )
rotation = -0.349066
tile_set = ExtResource( 1 )
format = 1
tile_data = PoolIntArray( 65535, 5, 0, 0, 4, 0, 1, 5, 0, 2, 5, 0, 3, 4, 0, 4, 5, 0, 131071, 1, 0, 65536, 2, 0, 65537, 3, 0, 65538, 3, 0, 65539, 1, 0, 65540, 0, 0, 196607, 0, 0, 131072, 1, 0, 131073, 0, 0, 131074, 0, 0, 131075, 2, 0, 131076, 3, 0 )

[node name="Rod" type="Sprite" parent="."]
position = Vector2( 192, 110 )
texture = ExtResource( 2 )
script = ExtResource( 7 )

[node name="Line" type="Line2D" parent="Rod"]
position = Vector2( 103, 62 )
points = PoolVector2Array( -192, -110, -216, 61 )
width = 0.5
default_color = Color( 0, 0, 0, 0.25098 )
joint_mode = 1
begin_cap_mode = 2
end_cap_mode = 2
antialiased = true

[node name="Hook" type="Line2D" parent="Rod/Line"]
position = Vector2( -24, 171 )
points = PoolVector2Array( -192, -110, -190, -107, -190, -104, -191, -102, -193, -102, -194, -104, -193, -106 )
width = 1.0
default_color = Color( 0.25098, 0.25098, 0.25098, 1 )
joint_mode = 1
begin_cap_mode = 2
end_cap_mode = 2
antialiased = true

[node name="EndLine" type="Position2D" parent="Rod/Line"]
position = Vector2( -189, -22 )

[node name="HookShape" type="CollisionShape2D" parent="Rod/Line"]
position = Vector2( -216, 77 )
shape = SubResource( 8 )

[node name="WaterLayer3" type="TileMap" parent="."]
position = Vector2( 20, 192 )
tile_set = ExtResource( 1 )
format = 1
tile_data = PoolIntArray( 65534, 6, 0, 65535, 6, 0, 0, 6, 0, 1, 6, 0, 2, 6, 0, 3, 6, 0, 4, 6, 0, 5, 6, 0, 131070, 7, 0, 131071, 7, 0, 65536, 7, 0, 65537, 7, 0, 65538, 7, 0, 65539, 7, 0, 65540, 7, 0, 65541, 7, 0, 196606, 7, 0, 196607, 7, 0, 131072, 7, 0, 131073, 7, 0, 131074, 7, 0, 131075, 7, 0, 131076, 7, 0, 131077, 7, 0 )

[node name="WaterLayer4" type="TileMap" parent="."]
modulate = Color( 0.87451, 0.87451, 0.87451, 1 )
position = Vector2( 0, 224 )
tile_set = ExtResource( 1 )
format = 1
tile_data = PoolIntArray( 65534, 6, 0, 65535, 6, 0, 0, 6, 0, 1, 6, 0, 2, 6, 0, 3, 6, 0, 4, 6, 0, 5, 6, 0, 131070, 7, 0, 131071, 7, 0, 65536, 7, 0, 65537, 7, 0, 65538, 7, 0, 65539, 7, 0, 65540, 7, 0, 65541, 7, 0, 196606, 7, 0, 196607, 7, 0, 131072, 7, 0, 131073, 7, 0, 131074, 7, 0, 131075, 7, 0, 131076, 7, 0, 131077, 7, 0 )

[node name="Mechanic" type="Sprite" parent="."]
position = Vector2( 256, 256 )
texture = ExtResource( 4 )

[node name="Crank" type="Sprite" parent="Mechanic"]
texture = ExtResource( 3 )
offset = Vector2( 0, -24 )

[node name="MouseCatcher" type="Area2D" parent="Mechanic/Crank"]
material = SubResource( 9 )
position = Vector2( 0, -41 )
script = ExtResource( 6 )
gradient = SubResource( 7 )

[node name="Size" type="CollisionShape2D" parent="Mechanic/Crank/MouseCatcher"]
shape = SubResource( 3 )

[node name="AnimationPlayer" type="AnimationPlayer" parent="."]
anims/RESET = SubResource( 6 )
anims/fish = SubResource( 4 )

[node name="Tween" type="Tween" parent="."]

[node name="Finish" type="Timer" parent="."]
wait_time = 2.0

[connection signal="input_event" from="Mechanic/Crank/MouseCatcher" to="." method="_on_MouseCatcher_input_event"]
[connection signal="mouse_entered" from="Mechanic/Crank/MouseCatcher" to="." method="_on_MouseCatcher_mouse_entered"]
[connection signal="mouse_exited" from="Mechanic/Crank/MouseCatcher" to="." method="_on_MouseCatcher_mouse_exited"]
[connection signal="animation_finished" from="AnimationPlayer" to="." method="_on_AnimationPlayer_animation_finished"]
[connection signal="tween_all_completed" from="Tween" to="." method="_on_Tween_tween_all_completed"]
[connection signal="timeout" from="Finish" to="." method="_on_Finish_timeout"]
