[gd_scene load_steps=9 format=2]

[ext_resource path="res://Objects/Fishing/Fishport.gd" type="Script" id=1]
[ext_resource path="res://Objects/Fishing/Fishing.tscn" type="PackedScene" id=2]
[ext_resource path="res://Objects/Fishing/FishContainer.gd" type="Script" id=3]
[ext_resource path="res://UI/Icons/close_hover.png" type="Texture" id=4]
[ext_resource path="res://UI/Icons/close_pressed.png" type="Texture" id=5]
[ext_resource path="res://UI/Icons/close_normal.png" type="Texture" id=6]
[ext_resource path="res://Objects/Fishing/FishPanel.gd" type="Script" id=7]

[sub_resource type="Gradient" id=5]
colors = PoolColorArray( 0, 0.501961, 0, 0.25098, 1, 0, 0, 0.25098 )

[node name="FishContainer" type="ColorRect"]
anchor_right = 1.0
anchor_bottom = 1.0
color = Color( 0, 0, 0, 0.25098 )
script = ExtResource( 3 )
__meta__ = {
"_edit_use_anchors_": false
}

[node name="Panel" type="Panel" parent="."]
anchor_left = 0.5
anchor_top = 0.5
anchor_right = 0.5
anchor_bottom = 0.5
margin_left = -164.0
margin_top = -164.0
margin_right = 164.0
margin_bottom = 164.0
rect_min_size = Vector2( 328, 328 )
mouse_filter = 1
script = ExtResource( 7 )
__meta__ = {
"_edit_use_anchors_": false
}

[node name="VC" type="ViewportContainer" parent="Panel"]
margin_left = 4.0
margin_top = 4.0
margin_right = 324.0
margin_bottom = 324.0
rect_min_size = Vector2( 320, 320 )
mouse_filter = 1
__meta__ = {
"_edit_use_anchors_": false
}

[node name="Viewport" type="Viewport" parent="Panel/VC"]
size = Vector2( 320, 320 )
handle_input_locally = false
render_target_update_mode = 3
physics_object_picking = true
gui_disable_input = true
script = ExtResource( 1 )

[node name="Fishing" parent="Panel/VC/Viewport" instance=ExtResource( 2 )]
gradient = SubResource( 5 )

[node name="Close" type="TextureButton" parent="Panel/VC/Viewport"]
process_priority = 1
texture_normal = ExtResource( 6 )
texture_pressed = ExtResource( 5 )
texture_hover = ExtResource( 4 )
texture_focused = ExtResource( 4 )
__meta__ = {
"_edit_use_anchors_": false
}

[connection signal="money" from="Panel/VC/Viewport/Fishing" to="." method="_on_Fishing_money"]
[connection signal="pressed" from="Panel/VC/Viewport/Close" to="." method="_on_Close_pressed"]
