[gd_scene load_steps=3 format=2]

[ext_resource path="res://Menu/WaterBackground.tscn" type="PackedScene" id=1]
[ext_resource path="res://Menu/Language.gd" type="Script" id=2]

[node name="Language" type="Control"]
anchor_right = 1.0
anchor_bottom = 1.0
script = ExtResource( 2 )
__meta__ = {
"_edit_use_anchors_": false
}

[node name="WaterBackground" parent="." instance=ExtResource( 1 )]

[node name="Container" type="GridContainer" parent="."]
anchor_right = 1.0
anchor_bottom = 1.0
columns = 3
__meta__ = {
"_edit_use_anchors_": false
}

[node name="SpaceTL" type="Control" parent="Container"]
margin_right = 424.0
margin_bottom = 237.0
size_flags_horizontal = 3
size_flags_vertical = 3

[node name="SpaceTC" type="Control" parent="Container"]
margin_left = 428.0
margin_right = 852.0
margin_bottom = 237.0
size_flags_horizontal = 3
size_flags_vertical = 3

[node name="SpaceTR" type="Control" parent="Container"]
margin_left = 856.0
margin_right = 1280.0
margin_bottom = 237.0
size_flags_horizontal = 3
size_flags_vertical = 3

[node name="SpaceML" type="Control" parent="Container"]
margin_top = 241.0
margin_right = 424.0
margin_bottom = 478.0
size_flags_horizontal = 3
size_flags_vertical = 3

[node name="Buttons" type="VBoxContainer" parent="Container"]
margin_left = 428.0
margin_top = 241.0
margin_right = 852.0
margin_bottom = 478.0
size_flags_horizontal = 3
size_flags_vertical = 3
alignment = 1

[node name="English" type="Button" parent="Container/Buttons"]
margin_right = 424.0
margin_bottom = 116.0
size_flags_horizontal = 3
size_flags_vertical = 3
text = "English"

[node name="Deutsch" type="Button" parent="Container/Buttons"]
margin_top = 120.0
margin_right = 424.0
margin_bottom = 237.0
size_flags_horizontal = 3
size_flags_vertical = 3
text = "Deutsch"

[node name="SpaceBL" type="Control" parent="Container"]
margin_left = 856.0
margin_top = 241.0
margin_right = 1280.0
margin_bottom = 478.0
size_flags_horizontal = 3
size_flags_vertical = 3

[node name="SpaceMR" type="Control" parent="Container"]
margin_top = 482.0
margin_right = 424.0
margin_bottom = 719.0
size_flags_horizontal = 3
size_flags_vertical = 3
__meta__ = {
"_edit_use_anchors_": false
}

[node name="SpaceBC" type="Control" parent="Container"]
margin_left = 428.0
margin_top = 482.0
margin_right = 852.0
margin_bottom = 719.0
size_flags_horizontal = 3
size_flags_vertical = 3

[node name="SpaceBR" type="Control" parent="Container"]
margin_left = 856.0
margin_top = 482.0
margin_right = 1280.0
margin_bottom = 719.0
size_flags_horizontal = 3
size_flags_vertical = 3

[connection signal="pressed" from="Container/Buttons/English" to="." method="_on_English_pressed"]
[connection signal="pressed" from="Container/Buttons/Deutsch" to="." method="_on_Deutsch_pressed"]
